
        <zs:record>
          <zs:recordPacking>xml</zs:recordPacking>
          <zs:recordData>
              	<marc:record>
		<marc:leader>00000ndm a2200000 u 4500</marc:leader>
		<marc:controlfield tag="001">450002046</marc:controlfield>
		<marc:controlfield tag="003">DE-633</marc:controlfield>
		<marc:controlfield tag="005">20180516075127.0</marc:controlfield>
		<marc:datafield tag="031" ind1=" " ind2=" ">
			<marc:subfield code="a">1</marc:subfield>
			<marc:subfield code="b">1</marc:subfield>
			<marc:subfield code="c">1</marc:subfield>
			<marc:subfield code="d">Allegro</marc:subfield>
			<marc:subfield code="g">G-2</marc:subfield>
			<marc:subfield code="m">vl 1</marc:subfield>
			<marc:subfield code="n">xF</marc:subfield>
			<marc:subfield code="o">c</marc:subfield>
			<marc:subfield code="p">{(&#39;&#39;6GGG)}{(GGG)}{(GGG)}{(GGG)}{(GGG)}{(GGG)}{(GGG)}{(GGG)}/{(GGG)}{(GGG)}</marc:subfield>
			<marc:subfield code="r">G</marc:subfield>
			<marc:subfield code="u">30627486</marc:subfield>
			<marc:subfield code="2">pe</marc:subfield>
		</marc:datafield>
		<marc:datafield tag="031" ind1=" " ind2=" ">
			<marc:subfield code="a">1</marc:subfield>
			<marc:subfield code="b">1</marc:subfield>
			<marc:subfield code="c">2</marc:subfield>
			<marc:subfield code="g">F-4</marc:subfield>
			<marc:subfield code="m">vlne</marc:subfield>
			<marc:subfield code="n">xF</marc:subfield>
			<marc:subfield code="o">c</marc:subfield>
			<marc:subfield code="p">{,8GFED}{C,,BAG}/{&#39;ED}</marc:subfield>
			<marc:subfield code="r">G</marc:subfield>
			<marc:subfield code="u">30627487</marc:subfield>
			<marc:subfield code="2">pe</marc:subfield>
		</marc:datafield>
		<marc:datafield tag="031" ind1=" " ind2=" ">
			<marc:subfield code="a">1</marc:subfield>
			<marc:subfield code="b">2</marc:subfield>
			<marc:subfield code="c">1</marc:subfield>
			<marc:subfield code="d">Andante</marc:subfield>
			<marc:subfield code="g">G-2</marc:subfield>
			<marc:subfield code="m">vl 1</marc:subfield>
			<marc:subfield code="n">xF</marc:subfield>
			<marc:subfield code="o">3</marc:subfield>
			<marc:subfield code="p">{&#39;6.E3G8F}-{6AG}{GFFG}/i/{8.E6&#39;&#39;xD}q8D4E-/</marc:subfield>
			<marc:subfield code="r">e</marc:subfield>
			<marc:subfield code="u">30627488</marc:subfield>
			<marc:subfield code="2">pe</marc:subfield>
		</marc:datafield>
		<marc:datafield tag="031" ind1=" " ind2=" ">
			<marc:subfield code="a">1</marc:subfield>
			<marc:subfield code="b">3</marc:subfield>
			<marc:subfield code="c">1</marc:subfield>
			<marc:subfield code="d">Allegro</marc:subfield>
			<marc:subfield code="g">G-2</marc:subfield>
			<marc:subfield code="m">vl 1</marc:subfield>
			<marc:subfield code="n">xF</marc:subfield>
			<marc:subfield code="o">c</marc:subfield>
			<marc:subfield code="p">{&#39;&#39;68.GDD&#39;B}{&#39;&#39;8EC}qD{6C&#39;B&#39;&#39;8C}/{&#39;6BGBG}{&#39;&#39;D&#39;B&#39;&#39;D&#39;B}{&#39;&#39;8G&#39;G}4-/{6BA8B}{6BA8B}&#39;&#39;qC{&#39;BA}4&#39;&#39;C/</marc:subfield>
			<marc:subfield code="r">G</marc:subfield>
			<marc:subfield code="u">30627489</marc:subfield>
			<marc:subfield code="2">pe</marc:subfield>
		</marc:datafield>
		<marc:datafield tag="040" ind1=" " ind2=" ">
			<marc:subfield code="a">DE-633</marc:subfield>
		</marc:datafield>
		<marc:datafield tag="100" ind1="1" ind2=" ">
			<marc:subfield code="a">Graupner, Christoph</marc:subfield>
			<marc:subfield code="d">1683-1760</marc:subfield>
			<marc:subfield code="0">83288</marc:subfield>
		</marc:datafield>
		<marc:datafield tag="240" ind1="1" ind2="0">
			<marc:subfield code="a">Symphonies</marc:subfield>
			<marc:subfield code="m">strings, cor (2), timp, bc</marc:subfield>
			<marc:subfield code="n">GWV 597</marc:subfield>
			<marc:subfield code="n">NagG 15</marc:subfield>
			<marc:subfield code="r">G</marc:subfield>
			<marc:subfield code="0">3900027</marc:subfield>
		</marc:datafield>
		<marc:datafield tag="245" ind1="1" ind2="0">
			<marc:subfield code="a">Sinfonia | a | 2 Violin | Viola | 2 Corn: Tympani se piace | e | Cembalo. | [Incipit] | Christoph Graupner.</marc:subfield>
		</marc:datafield>
		<marc:datafield tag="260" ind1=" " ind2=" ">
			<marc:subfield code="c">1735 (1735c)</marc:subfield>
			<marc:subfield code="8">01</marc:subfield>
		</marc:datafield>
		<marc:datafield tag="260" ind1=" " ind2=" ">
			<marc:subfield code="c">1735 (1735c)</marc:subfield>
			<marc:subfield code="8">02</marc:subfield>
		</marc:datafield>
		<marc:datafield tag="300" ind1=" " ind2=" ">
			<marc:subfield code="a">score: 3f.</marc:subfield>
			<marc:subfield code="8">01</marc:subfield>
		</marc:datafield>
		<marc:datafield tag="300" ind1=" " ind2=" ">
			<marc:subfield code="a">10 parts</marc:subfield>
			<marc:subfield code="c">35 x 21 cm</marc:subfield>
			<marc:subfield code="8">02</marc:subfield>
		</marc:datafield>
		<marc:datafield tag="500" ind1=" " ind2=" ">
			<marc:subfield code="a">Die Partitur trägt den Titel: &quot;Sinfonia a 2 Violis. Viola e Cembalo. Christoph Graupner&quot;</marc:subfield>
		</marc:datafield>
		<marc:datafield tag="500" ind1=" " ind2=" ">
			<marc:subfield code="a">Auf einem eigenen Blatt in Partitur die 2 Hörner und Pauken</marc:subfield>
		</marc:datafield>
		<marc:datafield tag="500" ind1=" " ind2=" ">
			<marc:subfield code="a">Im Titel 5. Zeile und Incipit mit anderer Tinte</marc:subfield>
		</marc:datafield>
		<marc:datafield tag="500" ind1=" " ind2=" ">
			<marc:subfield code="a">Später hinzugefügter Vermerk innerhalb des Umschlagtitels: &quot;2 Corn: Tympani se piace&quot;</marc:subfield>
		</marc:datafield>
		<marc:datafield tag="500" ind1=" " ind2=" ">
			<marc:subfield code="a">timp in ,,G,D</marc:subfield>
		</marc:datafield>
		<marc:datafield tag="500" ind1=" " ind2=" ">
			<marc:subfield code="a">Comment on scoring: bc: fag, vlne, cemb</marc:subfield>
		</marc:datafield>
		<marc:datafield tag="590" ind1=" " ind2=" ">
			<marc:subfield code="a">vl (2x), vl 2, vla, vlne (2x), cemb, cor 1, 2, timp</marc:subfield>
			<marc:subfield code="b">2, 2, 2, 2, 1, 1, 2, 1, 1, 1f.</marc:subfield>
			<marc:subfield code="8">02</marc:subfield>
		</marc:datafield>
		<marc:datafield tag="593" ind1=" " ind2=" ">
			<marc:subfield code="a">Autograph manuscript</marc:subfield>
			<marc:subfield code="8">01</marc:subfield>
		</marc:datafield>
		<marc:datafield tag="593" ind1=" " ind2=" ">
			<marc:subfield code="a">Autograph manuscript</marc:subfield>
			<marc:subfield code="8">02</marc:subfield>
		</marc:datafield>
		<marc:datafield tag="594" ind1=" " ind2=" ">
			<marc:subfield code="b">vl</marc:subfield>
			<marc:subfield code="c">2</marc:subfield>
		</marc:datafield>
		<marc:datafield tag="594" ind1=" " ind2=" ">
			<marc:subfield code="b">vla</marc:subfield>
			<marc:subfield code="c">1</marc:subfield>
		</marc:datafield>
		<marc:datafield tag="594" ind1=" " ind2=" ">
			<marc:subfield code="b">vlne</marc:subfield>
			<marc:subfield code="c">1</marc:subfield>
		</marc:datafield>
		<marc:datafield tag="594" ind1=" " ind2=" ">
			<marc:subfield code="b">fag</marc:subfield>
			<marc:subfield code="c">1</marc:subfield>
		</marc:datafield>
		<marc:datafield tag="594" ind1=" " ind2=" ">
			<marc:subfield code="b">cor</marc:subfield>
			<marc:subfield code="c">2</marc:subfield>
		</marc:datafield>
		<marc:datafield tag="594" ind1=" " ind2=" ">
			<marc:subfield code="b">timp</marc:subfield>
			<marc:subfield code="c">1</marc:subfield>
		</marc:datafield>
		<marc:datafield tag="594" ind1=" " ind2=" ">
			<marc:subfield code="b">cemb</marc:subfield>
			<marc:subfield code="c">1</marc:subfield>
		</marc:datafield>
		<marc:datafield tag="594" ind1=" " ind2=" ">
			<marc:subfield code="a">vl (2), vla, vlne, fag, cor (2), timp, cemb</marc:subfield>
		</marc:datafield>
		<marc:datafield tag="599" ind1=" " ind2=" ">
			<marc:subfield code="b">full</marc:subfield>
		</marc:datafield>
		<marc:datafield tag="650" ind1="0" ind2="0">
			<marc:subfield code="a">Symphonies</marc:subfield>
			<marc:subfield code="0">25215</marc:subfield>
		</marc:datafield>
		<marc:datafield tag="690" ind1=" " ind2=" ">
			<marc:subfield code="a">GWV</marc:subfield>
			<marc:subfield code="n">597</marc:subfield>
			<marc:subfield code="0">30000114</marc:subfield>
		</marc:datafield>
		<marc:datafield tag="690" ind1=" " ind2=" ">
			<marc:subfield code="a">NagG</marc:subfield>
			<marc:subfield code="n">15</marc:subfield>
			<marc:subfield code="0">79</marc:subfield>
		</marc:datafield>
		<marc:datafield tag="852" ind1=" " ind2=" ">
			<marc:subfield code="a">D-DS</marc:subfield>
			<marc:subfield code="c">Mus.ms 470/2</marc:subfield>
			<marc:subfield code="d">Mus 3074/ 2</marc:subfield>
			<marc:subfield code="e">Universitäts- und Landesbibliothek, Musikabteilung</marc:subfield>
			<marc:subfield code="x">30000036</marc:subfield>
		</marc:datafield>
		<marc:datafield tag="856" ind1="4" ind2="0">
			<marc:subfield code="u">http://tudigit.ulb.tu-darmstadt.de/show/Mus-Ms-470-02</marc:subfield>
			<marc:subfield code="z">[digitized version]</marc:subfield>
		</marc:datafield>
	</marc:record>

          </zs:recordData>
          <zs:recordPosition>2</zs:recordPosition>
        </zs:record>