
        <zs:record>
          <zs:recordPacking>xml</zs:recordPacking>
          <zs:recordData>
              	<marc:record>
		<marc:leader>00000ndm a2200000 u 4500</marc:leader>
		<marc:controlfield tag="001">450002047</marc:controlfield>
		<marc:controlfield tag="003">DE-633</marc:controlfield>
		<marc:controlfield tag="005">20180516075127.0</marc:controlfield>
		<marc:datafield tag="031" ind1=" " ind2=" ">
			<marc:subfield code="a">1</marc:subfield>
			<marc:subfield code="b">1</marc:subfield>
			<marc:subfield code="c">1</marc:subfield>
			<marc:subfield code="d">Largo</marc:subfield>
			<marc:subfield code="g">C-3</marc:subfield>
			<marc:subfield code="m">vla d&#39;amore</marc:subfield>
			<marc:subfield code="n">bB</marc:subfield>
			<marc:subfield code="o">c</marc:subfield>
			<marc:subfield code="p">&#39;1A+/4A&#39;&#39;Dq8C&#39;4Bq8A{6GA8F}/4EFtG{8.A6F}/</marc:subfield>
			<marc:subfield code="r">F</marc:subfield>
			<marc:subfield code="u">30627492</marc:subfield>
			<marc:subfield code="2">pe</marc:subfield>
		</marc:datafield>
		<marc:datafield tag="031" ind1=" " ind2=" ">
			<marc:subfield code="a">1</marc:subfield>
			<marc:subfield code="b">2</marc:subfield>
			<marc:subfield code="c">1</marc:subfield>
			<marc:subfield code="d">Air 1.</marc:subfield>
			<marc:subfield code="g">C-3</marc:subfield>
			<marc:subfield code="m">vla d&#39;amore</marc:subfield>
			<marc:subfield code="n">bB</marc:subfield>
			<marc:subfield code="o">3</marc:subfield>
			<marc:subfield code="p">{&#39;8.6AB&#39;&#39;CDCD}/{8&#39;A6&#39;&#39;DC}{&#39;BAGF}{8AG}/{8.6AB&#39;&#39;CDCD}/</marc:subfield>
			<marc:subfield code="r">F</marc:subfield>
			<marc:subfield code="u">30627493</marc:subfield>
			<marc:subfield code="2">pe</marc:subfield>
		</marc:datafield>
		<marc:datafield tag="031" ind1=" " ind2=" ">
			<marc:subfield code="a">1</marc:subfield>
			<marc:subfield code="b">3</marc:subfield>
			<marc:subfield code="c">1</marc:subfield>
			<marc:subfield code="d">Air 2.</marc:subfield>
			<marc:subfield code="g">C-3</marc:subfield>
			<marc:subfield code="m">vla d&#39;amore</marc:subfield>
			<marc:subfield code="n">bB</marc:subfield>
			<marc:subfield code="o">6/8</marc:subfield>
			<marc:subfield code="p">{&#39;8.A6BGA}/{FEFGAB}&#39;&#39;4C8D/{&#39;AAA}{6BAB&#39;&#39;C&#39;AB}/</marc:subfield>
			<marc:subfield code="r">F</marc:subfield>
			<marc:subfield code="u">30627494</marc:subfield>
			<marc:subfield code="2">pe</marc:subfield>
		</marc:datafield>
		<marc:datafield tag="031" ind1=" " ind2=" ">
			<marc:subfield code="a">1</marc:subfield>
			<marc:subfield code="b">3</marc:subfield>
			<marc:subfield code="c">2</marc:subfield>
			<marc:subfield code="g">F-4</marc:subfield>
			<marc:subfield code="m">vlne</marc:subfield>
			<marc:subfield code="n">bB</marc:subfield>
			<marc:subfield code="o">6/8</marc:subfield>
			<marc:subfield code="p">{,8F,,B,C}/4A{6FG}{8AFB}/{FCF}{GCF}/</marc:subfield>
			<marc:subfield code="r">F</marc:subfield>
			<marc:subfield code="u">30627495</marc:subfield>
			<marc:subfield code="2">pe</marc:subfield>
		</marc:datafield>
		<marc:datafield tag="031" ind1=" " ind2=" ">
			<marc:subfield code="a">1</marc:subfield>
			<marc:subfield code="b">4</marc:subfield>
			<marc:subfield code="c">1</marc:subfield>
			<marc:subfield code="d">Air 3.</marc:subfield>
			<marc:subfield code="g">C-3</marc:subfield>
			<marc:subfield code="m">vla d&#39;amore</marc:subfield>
			<marc:subfield code="n">bB</marc:subfield>
			<marc:subfield code="o">c</marc:subfield>
			<marc:subfield code="p">4-{8&#39;FF}{6FEFG}{8EE}/4Eqq6EFr{8GG}{6GFGA}{8FF}/4F{8BB}</marc:subfield>
			<marc:subfield code="r">F</marc:subfield>
			<marc:subfield code="u">30627496</marc:subfield>
			<marc:subfield code="2">pe</marc:subfield>
		</marc:datafield>
		<marc:datafield tag="031" ind1=" " ind2=" ">
			<marc:subfield code="a">1</marc:subfield>
			<marc:subfield code="b">5</marc:subfield>
			<marc:subfield code="c">1</marc:subfield>
			<marc:subfield code="d">Air 4.</marc:subfield>
			<marc:subfield code="g">C-3</marc:subfield>
			<marc:subfield code="m">vla d&#39;amore</marc:subfield>
			<marc:subfield code="n">bB</marc:subfield>
			<marc:subfield code="o">6/8</marc:subfield>
			<marc:subfield code="p">{&#39;8ABG}{FC,A}/{&#39;ABG}F--/{&#39;&#39;CD&#39;6.B3B}{8B&#39;&#39;C&#39;6.A3A}/</marc:subfield>
			<marc:subfield code="r">F</marc:subfield>
			<marc:subfield code="u">30627497</marc:subfield>
			<marc:subfield code="2">pe</marc:subfield>
		</marc:datafield>
		<marc:datafield tag="031" ind1=" " ind2=" ">
			<marc:subfield code="a">1</marc:subfield>
			<marc:subfield code="b">5</marc:subfield>
			<marc:subfield code="c">2</marc:subfield>
			<marc:subfield code="g">F-4</marc:subfield>
			<marc:subfield code="m">vlne</marc:subfield>
			<marc:subfield code="n">bB</marc:subfield>
			<marc:subfield code="o">6/8</marc:subfield>
			<marc:subfield code="p">{,8F,,B,C}{AC,,A}/{,F,,B,C}{AFC}/{,,AF,D}{GEC}/</marc:subfield>
			<marc:subfield code="r">F</marc:subfield>
			<marc:subfield code="u">30627498</marc:subfield>
			<marc:subfield code="2">pe</marc:subfield>
		</marc:datafield>
		<marc:datafield tag="040" ind1=" " ind2=" ">
			<marc:subfield code="a">DE-633</marc:subfield>
		</marc:datafield>
		<marc:datafield tag="100" ind1="1" ind2=" ">
			<marc:subfield code="a">Graupner, Christoph</marc:subfield>
			<marc:subfield code="d">1683-1760</marc:subfield>
			<marc:subfield code="0">83288</marc:subfield>
		</marc:datafield>
		<marc:datafield tag="240" ind1="1" ind2="0">
			<marc:subfield code="a">Symphonies</marc:subfield>
			<marc:subfield code="m">vla d&#39;amore, vla (3), bc</marc:subfield>
			<marc:subfield code="n">GWV 577</marc:subfield>
			<marc:subfield code="n">NagG 108</marc:subfield>
			<marc:subfield code="r">F</marc:subfield>
			<marc:subfield code="0">3900027</marc:subfield>
		</marc:datafield>
		<marc:datafield tag="245" ind1="1" ind2="0">
			<marc:subfield code="a">Sinfonia | a | Viola d&#39;Amore | Fagotto | Violoncello | Viola 1. | Viola 2. | Viola 3 | e | Cembalo. | [Incipit] | Christoph Graupner.</marc:subfield>
		</marc:datafield>
		<marc:datafield tag="260" ind1=" " ind2=" ">
			<marc:subfield code="c">1741 (1741c)</marc:subfield>
			<marc:subfield code="8">01</marc:subfield>
		</marc:datafield>
		<marc:datafield tag="300" ind1=" " ind2=" ">
			<marc:subfield code="a">8 parts</marc:subfield>
			<marc:subfield code="c">35 x 21,5 cm</marc:subfield>
			<marc:subfield code="8">01</marc:subfield>
		</marc:datafield>
		<marc:datafield tag="500" ind1=" " ind2=" ">
			<marc:subfield code="a">Dazu 6f. (21,5 x 17 cm) autographe Partiturskizze</marc:subfield>
		</marc:datafield>
		<marc:datafield tag="500" ind1=" " ind2=" ">
			<marc:subfield code="a">Comment on scoring: bc: fag, vlc, vlne, cemb</marc:subfield>
		</marc:datafield>
		<marc:datafield tag="590" ind1=" " ind2=" ">
			<marc:subfield code="a">vla d&#39;amore, vla 1, 2, 3, vlc (2x), vlne, fag</marc:subfield>
			<marc:subfield code="b">2, 2, 2, 1, 2, 1, 2, 2f.</marc:subfield>
			<marc:subfield code="8">01</marc:subfield>
		</marc:datafield>
		<marc:datafield tag="593" ind1=" " ind2=" ">
			<marc:subfield code="a">Autograph manuscript</marc:subfield>
			<marc:subfield code="8">01</marc:subfield>
		</marc:datafield>
		<marc:datafield tag="594" ind1=" " ind2=" ">
			<marc:subfield code="b">vla</marc:subfield>
			<marc:subfield code="c">3</marc:subfield>
		</marc:datafield>
		<marc:datafield tag="594" ind1=" " ind2=" ">
			<marc:subfield code="b">vla d&#39;amore</marc:subfield>
			<marc:subfield code="c">1</marc:subfield>
		</marc:datafield>
		<marc:datafield tag="594" ind1=" " ind2=" ">
			<marc:subfield code="b">vlc</marc:subfield>
			<marc:subfield code="c">1</marc:subfield>
		</marc:datafield>
		<marc:datafield tag="594" ind1=" " ind2=" ">
			<marc:subfield code="b">vlne</marc:subfield>
			<marc:subfield code="c">1</marc:subfield>
		</marc:datafield>
		<marc:datafield tag="594" ind1=" " ind2=" ">
			<marc:subfield code="b">fag</marc:subfield>
			<marc:subfield code="c">1</marc:subfield>
		</marc:datafield>
		<marc:datafield tag="594" ind1=" " ind2=" ">
			<marc:subfield code="b">cemb</marc:subfield>
			<marc:subfield code="c">1</marc:subfield>
		</marc:datafield>
		<marc:datafield tag="594" ind1=" " ind2=" ">
			<marc:subfield code="a">vla (3), vla d&#39;amore, vlc, vlne, fag, cemb</marc:subfield>
		</marc:datafield>
		<marc:datafield tag="599" ind1=" " ind2=" ">
			<marc:subfield code="b">full</marc:subfield>
		</marc:datafield>
		<marc:datafield tag="650" ind1="0" ind2="0">
			<marc:subfield code="a">Symphonies</marc:subfield>
			<marc:subfield code="0">25215</marc:subfield>
		</marc:datafield>
		<marc:datafield tag="690" ind1=" " ind2=" ">
			<marc:subfield code="a">GWV</marc:subfield>
			<marc:subfield code="n">577</marc:subfield>
			<marc:subfield code="0">30000114</marc:subfield>
		</marc:datafield>
		<marc:datafield tag="690" ind1=" " ind2=" ">
			<marc:subfield code="a">NagG</marc:subfield>
			<marc:subfield code="n">108</marc:subfield>
			<marc:subfield code="0">79</marc:subfield>
		</marc:datafield>
		<marc:datafield tag="852" ind1=" " ind2=" ">
			<marc:subfield code="a">D-DS</marc:subfield>
			<marc:subfield code="c">Mus.ms 470/3</marc:subfield>
			<marc:subfield code="d">Mus 3074/ 3</marc:subfield>
			<marc:subfield code="e">Universitäts- und Landesbibliothek, Musikabteilung</marc:subfield>
			<marc:subfield code="x">30000036</marc:subfield>
		</marc:datafield>
		<marc:datafield tag="856" ind1="4" ind2="0">
			<marc:subfield code="u">http://tudigit.ulb.tu-darmstadt.de/show/Mus-Ms-470-03</marc:subfield>
			<marc:subfield code="z">[digitized version]</marc:subfield>
		</marc:datafield>
	</marc:record>

          </zs:recordData>
          <zs:recordPosition>3</zs:recordPosition>
        </zs:record>