
        <zs:record>
          <zs:recordPacking>xml</zs:recordPacking>
          <zs:recordData>
              	<marc:record>
		<marc:leader>00000ndm a2200000 u 4500</marc:leader>
		<marc:controlfield tag="001">450002048</marc:controlfield>
		<marc:controlfield tag="003">DE-633</marc:controlfield>
		<marc:controlfield tag="005">20180516075140.0</marc:controlfield>
		<marc:datafield tag="031" ind1=" " ind2=" ">
			<marc:subfield code="a">1</marc:subfield>
			<marc:subfield code="b">1</marc:subfield>
			<marc:subfield code="c">1</marc:subfield>
			<marc:subfield code="d">Allegro</marc:subfield>
			<marc:subfield code="g">G-2</marc:subfield>
			<marc:subfield code="m">vl 1</marc:subfield>
			<marc:subfield code="n">xF</marc:subfield>
			<marc:subfield code="o">c</marc:subfield>
			<marc:subfield code="p">{&#39;8GD}6-{DEF}{8GD}6-{DEF}/{8GD}6-{DEF}{8GD&#39;&#39;D&#39;B}/&#39;&#39;1G/</marc:subfield>
			<marc:subfield code="r">G</marc:subfield>
			<marc:subfield code="u">30627500</marc:subfield>
			<marc:subfield code="2">pe</marc:subfield>
		</marc:datafield>
		<marc:datafield tag="031" ind1=" " ind2=" ">
			<marc:subfield code="a">1</marc:subfield>
			<marc:subfield code="b">2</marc:subfield>
			<marc:subfield code="c">1</marc:subfield>
			<marc:subfield code="d">Andante</marc:subfield>
			<marc:subfield code="g">G-2</marc:subfield>
			<marc:subfield code="m">vl 1</marc:subfield>
			<marc:subfield code="n">xF</marc:subfield>
			<marc:subfield code="o">c</marc:subfield>
			<marc:subfield code="p">{&#39;6B8BBB&#39;&#39;6G}{&#39;B8BBB&#39;&#39;6G}/{&#39;A8AAA&#39;&#39;6A}{&#39;A8AAA6F}/{G8BB}</marc:subfield>
			<marc:subfield code="r">e</marc:subfield>
			<marc:subfield code="u">30627501</marc:subfield>
			<marc:subfield code="2">pe</marc:subfield>
		</marc:datafield>
		<marc:datafield tag="031" ind1=" " ind2=" ">
			<marc:subfield code="a">1</marc:subfield>
			<marc:subfield code="b">2</marc:subfield>
			<marc:subfield code="c">2</marc:subfield>
			<marc:subfield code="g">F-4</marc:subfield>
			<marc:subfield code="m">vlne</marc:subfield>
			<marc:subfield code="n">xF</marc:subfield>
			<marc:subfield code="o">c</marc:subfield>
			<marc:subfield code="p">{,8EGFE}-{GFE}/-{&#39;C,B&#39;C}-{,B&#39;C,B}/4E-</marc:subfield>
			<marc:subfield code="r">e</marc:subfield>
			<marc:subfield code="u">30627502</marc:subfield>
			<marc:subfield code="2">pe</marc:subfield>
		</marc:datafield>
		<marc:datafield tag="031" ind1=" " ind2=" ">
			<marc:subfield code="a">1</marc:subfield>
			<marc:subfield code="b">3</marc:subfield>
			<marc:subfield code="c">1</marc:subfield>
			<marc:subfield code="d">Allegro</marc:subfield>
			<marc:subfield code="g">G-2</marc:subfield>
			<marc:subfield code="m">vl 1</marc:subfield>
			<marc:subfield code="n">xF</marc:subfield>
			<marc:subfield code="o">2/4</marc:subfield>
			<marc:subfield code="p">&#39;&#39;8G/488G{DC}/Ct{&#39;B&#39;&#39;G}/G{DC}/Ct{&#39;B&#39;&#39;D}/</marc:subfield>
			<marc:subfield code="r">G</marc:subfield>
			<marc:subfield code="u">30627503</marc:subfield>
			<marc:subfield code="2">pe</marc:subfield>
		</marc:datafield>
		<marc:datafield tag="040" ind1=" " ind2=" ">
			<marc:subfield code="a">DE-633</marc:subfield>
		</marc:datafield>
		<marc:datafield tag="100" ind1="1" ind2=" ">
			<marc:subfield code="a">Graupner, Christoph</marc:subfield>
			<marc:subfield code="d">1683-1760</marc:subfield>
			<marc:subfield code="0">83288</marc:subfield>
		</marc:datafield>
		<marc:datafield tag="240" ind1="1" ind2="0">
			<marc:subfield code="a">Symphonies</marc:subfield>
			<marc:subfield code="n">GWV 610</marc:subfield>
			<marc:subfield code="n">NagG 54</marc:subfield>
			<marc:subfield code="r">G</marc:subfield>
			<marc:subfield code="0">3900027</marc:subfield>
		</marc:datafield>
		<marc:datafield tag="245" ind1="1" ind2="0">
			<marc:subfield code="a">Sinfonia | a | 2 Corn: | Tymp. G. A. H. d. | 2 Flaut. Tr. | 2 Violin. Conc. | 2 Violin | Viola | e | Cembalo. | [Incipit] | Christoph Graupner.</marc:subfield>
		</marc:datafield>
		<marc:datafield tag="260" ind1=" " ind2=" ">
			<marc:subfield code="c">1743 (1743c)</marc:subfield>
			<marc:subfield code="8">01</marc:subfield>
		</marc:datafield>
		<marc:datafield tag="260" ind1=" " ind2=" ">
			<marc:subfield code="c">1743 (1743c)</marc:subfield>
			<marc:subfield code="8">02</marc:subfield>
		</marc:datafield>
		<marc:datafield tag="300" ind1=" " ind2=" ">
			<marc:subfield code="a">score: 9f.</marc:subfield>
			<marc:subfield code="8">01</marc:subfield>
		</marc:datafield>
		<marc:datafield tag="300" ind1=" " ind2=" ">
			<marc:subfield code="a">11 parts</marc:subfield>
			<marc:subfield code="c">35 x 21,5 cm</marc:subfield>
			<marc:subfield code="8">02</marc:subfield>
		</marc:datafield>
		<marc:datafield tag="500" ind1=" " ind2=" ">
			<marc:subfield code="a">Alte Zählung: 4 Bogen</marc:subfield>
		</marc:datafield>
		<marc:datafield tag="500" ind1=" " ind2=" ">
			<marc:subfield code="a">Stimmen von anderer Hand</marc:subfield>
		</marc:datafield>
		<marc:datafield tag="500" ind1=" " ind2=" ">
			<marc:subfield code="a">timp in ,,G,,A,,B,D</marc:subfield>
		</marc:datafield>
		<marc:datafield tag="500" ind1=" " ind2=" ">
			<marc:subfield code="a">Comment on scoring: bc: vlne, cemb</marc:subfield>
		</marc:datafield>
		<marc:datafield tag="590" ind1=" " ind2=" ">
			<marc:subfield code="a">vl conc 1, 2, vl 1, 2, vla, vlne, fl 1, 2, cor 1, 2, timp</marc:subfield>
			<marc:subfield code="b">2, 2, 2, 2, 2, 2, 2, 2, 1, 1, 1f.</marc:subfield>
			<marc:subfield code="8">02</marc:subfield>
		</marc:datafield>
		<marc:datafield tag="593" ind1=" " ind2=" ">
			<marc:subfield code="a">Autograph manuscript</marc:subfield>
			<marc:subfield code="8">01</marc:subfield>
		</marc:datafield>
		<marc:datafield tag="593" ind1=" " ind2=" ">
			<marc:subfield code="a">Autograph manuscript</marc:subfield>
			<marc:subfield code="8">02</marc:subfield>
		</marc:datafield>
		<marc:datafield tag="594" ind1=" " ind2=" ">
			<marc:subfield code="b">vl conc</marc:subfield>
			<marc:subfield code="c">2</marc:subfield>
		</marc:datafield>
		<marc:datafield tag="594" ind1=" " ind2=" ">
			<marc:subfield code="b">vl</marc:subfield>
			<marc:subfield code="c">2</marc:subfield>
		</marc:datafield>
		<marc:datafield tag="594" ind1=" " ind2=" ">
			<marc:subfield code="b">vla</marc:subfield>
			<marc:subfield code="c">1</marc:subfield>
		</marc:datafield>
		<marc:datafield tag="594" ind1=" " ind2=" ">
			<marc:subfield code="b">vlne</marc:subfield>
			<marc:subfield code="c">1</marc:subfield>
		</marc:datafield>
		<marc:datafield tag="594" ind1=" " ind2=" ">
			<marc:subfield code="b">fl</marc:subfield>
			<marc:subfield code="c">2</marc:subfield>
		</marc:datafield>
		<marc:datafield tag="594" ind1=" " ind2=" ">
			<marc:subfield code="b">cor</marc:subfield>
			<marc:subfield code="c">2</marc:subfield>
		</marc:datafield>
		<marc:datafield tag="594" ind1=" " ind2=" ">
			<marc:subfield code="b">timp</marc:subfield>
			<marc:subfield code="c">1</marc:subfield>
		</marc:datafield>
		<marc:datafield tag="594" ind1=" " ind2=" ">
			<marc:subfield code="b">cemb</marc:subfield>
			<marc:subfield code="c">1</marc:subfield>
		</marc:datafield>
		<marc:datafield tag="594" ind1=" " ind2=" ">
			<marc:subfield code="a">vl conc (2), vl (2), vla, vlne, fl (2), cor (2), timp, cemb</marc:subfield>
		</marc:datafield>
		<marc:datafield tag="599" ind1=" " ind2=" ">
			<marc:subfield code="b">full</marc:subfield>
		</marc:datafield>
		<marc:datafield tag="650" ind1="0" ind2="0">
			<marc:subfield code="a">Symphonies</marc:subfield>
			<marc:subfield code="0">25215</marc:subfield>
		</marc:datafield>
		<marc:datafield tag="690" ind1=" " ind2=" ">
			<marc:subfield code="a">GWV</marc:subfield>
			<marc:subfield code="n">610</marc:subfield>
			<marc:subfield code="0">30000114</marc:subfield>
		</marc:datafield>
		<marc:datafield tag="690" ind1=" " ind2=" ">
			<marc:subfield code="a">NagG</marc:subfield>
			<marc:subfield code="n">54</marc:subfield>
			<marc:subfield code="0">79</marc:subfield>
		</marc:datafield>
		<marc:datafield tag="852" ind1=" " ind2=" ">
			<marc:subfield code="a">D-DS</marc:subfield>
			<marc:subfield code="c">Mus.ms 470/4</marc:subfield>
			<marc:subfield code="d">Mus 3074/ 4</marc:subfield>
			<marc:subfield code="e">Universitäts- und Landesbibliothek, Musikabteilung</marc:subfield>
			<marc:subfield code="x">30000036</marc:subfield>
		</marc:datafield>
		<marc:datafield tag="856" ind1="4" ind2="0">
			<marc:subfield code="u">http://tudigit.ulb.tu-darmstadt.de/show/Mus-Ms-470-04</marc:subfield>
			<marc:subfield code="z">[digitized version]</marc:subfield>
		</marc:datafield>
	</marc:record>

          </zs:recordData>
          <zs:recordPosition>4</zs:recordPosition>
        </zs:record>