
        <zs:record>
          <zs:recordPacking>xml</zs:recordPacking>
          <zs:recordData>
              	<marc:record>
		<marc:leader>00000ndm a2200000 u 4500</marc:leader>
		<marc:controlfield tag="001">450002049</marc:controlfield>
		<marc:controlfield tag="003">DE-633</marc:controlfield>
		<marc:controlfield tag="005">20180516074843.0</marc:controlfield>
		<marc:datafield tag="031" ind1=" " ind2=" ">
			<marc:subfield code="a">1</marc:subfield>
			<marc:subfield code="b">1</marc:subfield>
			<marc:subfield code="c">1</marc:subfield>
			<marc:subfield code="g">G-2</marc:subfield>
			<marc:subfield code="m">vl 1</marc:subfield>
			<marc:subfield code="n">xFC</marc:subfield>
			<marc:subfield code="o">c</marc:subfield>
			<marc:subfield code="p">{&#39;&#39;8D&#39;D}q&#39;&#39;G{F6ED}{8A&#39;A}6-{AB&#39;&#39;C}/!{3DC&#39;6B}!fff{8&#39;&#39;F&#39;F}</marc:subfield>
			<marc:subfield code="r">D</marc:subfield>
			<marc:subfield code="u">30627506</marc:subfield>
			<marc:subfield code="2">pe</marc:subfield>
		</marc:datafield>
		<marc:datafield tag="031" ind1=" " ind2=" ">
			<marc:subfield code="a">1</marc:subfield>
			<marc:subfield code="b">1</marc:subfield>
			<marc:subfield code="c">2</marc:subfield>
			<marc:subfield code="g">F-4</marc:subfield>
			<marc:subfield code="m">vlne</marc:subfield>
			<marc:subfield code="n">xFC</marc:subfield>
			<marc:subfield code="o">c</marc:subfield>
			<marc:subfield code="p">{&#39;8D,D}-&#39;D{C6C,B}{8&#39;C,A}/{,,B,FB,,B}{A6,AG}</marc:subfield>
			<marc:subfield code="r">D</marc:subfield>
			<marc:subfield code="u">30627507</marc:subfield>
			<marc:subfield code="2">pe</marc:subfield>
		</marc:datafield>
		<marc:datafield tag="031" ind1=" " ind2=" ">
			<marc:subfield code="a">1</marc:subfield>
			<marc:subfield code="b">2</marc:subfield>
			<marc:subfield code="c">1</marc:subfield>
			<marc:subfield code="d">Andante</marc:subfield>
			<marc:subfield code="g">G-2</marc:subfield>
			<marc:subfield code="m">vl 1</marc:subfield>
			<marc:subfield code="n">xFC</marc:subfield>
			<marc:subfield code="o">c</marc:subfield>
			<marc:subfield code="p">{&#39;&#39;6D8C6D}{D8C6D}q8E{6DCEC}4D/{&#39;6B8A6B}q&#39;&#39;C{&#39;B8A6B}&#39;&#39;qC{&#39;BA&#39;&#39;nC&#39;A}4B/</marc:subfield>
			<marc:subfield code="r">b</marc:subfield>
			<marc:subfield code="u">30627508</marc:subfield>
			<marc:subfield code="2">pe</marc:subfield>
		</marc:datafield>
		<marc:datafield tag="031" ind1=" " ind2=" ">
			<marc:subfield code="a">1</marc:subfield>
			<marc:subfield code="b">2</marc:subfield>
			<marc:subfield code="c">2</marc:subfield>
			<marc:subfield code="g">F-4</marc:subfield>
			<marc:subfield code="m">vlne</marc:subfield>
			<marc:subfield code="n">xFC</marc:subfield>
			<marc:subfield code="o">c</marc:subfield>
			<marc:subfield code="p">{,,8B,FBF}{,,B,B}4-/{8,,G,DGD}{,,G,G}-F/</marc:subfield>
			<marc:subfield code="r">b</marc:subfield>
			<marc:subfield code="u">30627509</marc:subfield>
			<marc:subfield code="2">pe</marc:subfield>
		</marc:datafield>
		<marc:datafield tag="031" ind1=" " ind2=" ">
			<marc:subfield code="a">1</marc:subfield>
			<marc:subfield code="b">3</marc:subfield>
			<marc:subfield code="c">1</marc:subfield>
			<marc:subfield code="d">Allegro</marc:subfield>
			<marc:subfield code="g">G-2</marc:subfield>
			<marc:subfield code="m">vl 1</marc:subfield>
			<marc:subfield code="n">xFC</marc:subfield>
			<marc:subfield code="o">6/8</marc:subfield>
			<marc:subfield code="p">{&#39;3DEFG6AAAA}{&#39;&#39;D&#39;AAAAA}/i/{6D3EFGFGABAB&#39;&#39;C}{8D&#39;GF}/</marc:subfield>
			<marc:subfield code="r">D</marc:subfield>
			<marc:subfield code="u">30627510</marc:subfield>
			<marc:subfield code="2">pe</marc:subfield>
		</marc:datafield>
		<marc:datafield tag="031" ind1=" " ind2=" ">
			<marc:subfield code="a">1</marc:subfield>
			<marc:subfield code="b">3</marc:subfield>
			<marc:subfield code="c">2</marc:subfield>
			<marc:subfield code="g">F-4</marc:subfield>
			<marc:subfield code="m">vlne</marc:subfield>
			<marc:subfield code="n">xFC</marc:subfield>
			<marc:subfield code="o">6/8</marc:subfield>
			<marc:subfield code="p">{,8D,,AF}{D,D}-/i/{D,,D,G}{,,FED}/</marc:subfield>
			<marc:subfield code="r">D</marc:subfield>
			<marc:subfield code="u">30627511</marc:subfield>
			<marc:subfield code="2">pe</marc:subfield>
		</marc:datafield>
		<marc:datafield tag="040" ind1=" " ind2=" ">
			<marc:subfield code="a">DE-633</marc:subfield>
		</marc:datafield>
		<marc:datafield tag="100" ind1="1" ind2=" ">
			<marc:subfield code="a">Graupner, Christoph</marc:subfield>
			<marc:subfield code="d">1683-1760</marc:subfield>
			<marc:subfield code="0">83288</marc:subfield>
		</marc:datafield>
		<marc:datafield tag="240" ind1="1" ind2="0">
			<marc:subfield code="a">Symphonies</marc:subfield>
			<marc:subfield code="m">strings, clno (2), timp, bc</marc:subfield>
			<marc:subfield code="n">GWV 520</marc:subfield>
			<marc:subfield code="n">NagG 87</marc:subfield>
			<marc:subfield code="r">D</marc:subfield>
			<marc:subfield code="0">3900027</marc:subfield>
		</marc:datafield>
		<marc:datafield tag="245" ind1="1" ind2="0">
			<marc:subfield code="a">Sinfonia | a | 2 Clarin. | Tymp. | 2 Violin | Viola | e | Cembalo | [Incipit] | Christoph Graupner.</marc:subfield>
		</marc:datafield>
		<marc:datafield tag="260" ind1=" " ind2=" ">
			<marc:subfield code="c">1744 (1744c)</marc:subfield>
			<marc:subfield code="8">01</marc:subfield>
		</marc:datafield>
		<marc:datafield tag="260" ind1=" " ind2=" ">
			<marc:subfield code="c">1744 (1744c)</marc:subfield>
			<marc:subfield code="8">02</marc:subfield>
		</marc:datafield>
		<marc:datafield tag="300" ind1=" " ind2=" ">
			<marc:subfield code="a">score: 4f.</marc:subfield>
			<marc:subfield code="8">01</marc:subfield>
		</marc:datafield>
		<marc:datafield tag="300" ind1=" " ind2=" ">
			<marc:subfield code="a">9 parts</marc:subfield>
			<marc:subfield code="c">35 x 21,5 cm</marc:subfield>
			<marc:subfield code="8">02</marc:subfield>
		</marc:datafield>
		<marc:datafield tag="500" ind1=" " ind2=" ">
			<marc:subfield code="a">Stimmen von anderer Hand</marc:subfield>
		</marc:datafield>
		<marc:datafield tag="500" ind1=" " ind2=" ">
			<marc:subfield code="a">Titel der Partitur: &quot;Concerto a 2 Clarin: Tymp. 2 Violin. Viola e | Cembalo. | Christoph Graupner&quot;</marc:subfield>
		</marc:datafield>
		<marc:datafield tag="500" ind1=" " ind2=" ">
			<marc:subfield code="a">timp in ,,G,,A,,B,D</marc:subfield>
		</marc:datafield>
		<marc:datafield tag="500" ind1=" " ind2=" ">
			<marc:subfield code="a">Comment on scoring: bc: fag, vlne, cemb</marc:subfield>
		</marc:datafield>
		<marc:datafield tag="590" ind1=" " ind2=" ">
			<marc:subfield code="a">vl 1 (2x), vl 2, vla, vlne, vlne and fag, clno 1, 2, timp</marc:subfield>
			<marc:subfield code="b">1, 1, 1, 1, 1, 1, 1, 1,, 1f.</marc:subfield>
			<marc:subfield code="8">02</marc:subfield>
		</marc:datafield>
		<marc:datafield tag="593" ind1=" " ind2=" ">
			<marc:subfield code="a">Autograph manuscript</marc:subfield>
			<marc:subfield code="8">01</marc:subfield>
		</marc:datafield>
		<marc:datafield tag="593" ind1=" " ind2=" ">
			<marc:subfield code="a">Autograph manuscript</marc:subfield>
			<marc:subfield code="8">02</marc:subfield>
		</marc:datafield>
		<marc:datafield tag="594" ind1=" " ind2=" ">
			<marc:subfield code="b">vl</marc:subfield>
			<marc:subfield code="c">2</marc:subfield>
		</marc:datafield>
		<marc:datafield tag="594" ind1=" " ind2=" ">
			<marc:subfield code="b">vla</marc:subfield>
			<marc:subfield code="c">1</marc:subfield>
		</marc:datafield>
		<marc:datafield tag="594" ind1=" " ind2=" ">
			<marc:subfield code="b">b</marc:subfield>
			<marc:subfield code="c">1</marc:subfield>
		</marc:datafield>
		<marc:datafield tag="594" ind1=" " ind2=" ">
			<marc:subfield code="b">fag</marc:subfield>
			<marc:subfield code="c">1</marc:subfield>
		</marc:datafield>
		<marc:datafield tag="594" ind1=" " ind2=" ">
			<marc:subfield code="b">clno</marc:subfield>
			<marc:subfield code="c">2</marc:subfield>
		</marc:datafield>
		<marc:datafield tag="594" ind1=" " ind2=" ">
			<marc:subfield code="b">timp</marc:subfield>
			<marc:subfield code="c">1</marc:subfield>
		</marc:datafield>
		<marc:datafield tag="594" ind1=" " ind2=" ">
			<marc:subfield code="b">cemb</marc:subfield>
			<marc:subfield code="c">1</marc:subfield>
		</marc:datafield>
		<marc:datafield tag="594" ind1=" " ind2=" ">
			<marc:subfield code="a">vl (2), vla, b, fag, clno (2), timp, cemb</marc:subfield>
		</marc:datafield>
		<marc:datafield tag="599" ind1=" " ind2=" ">
			<marc:subfield code="b">full</marc:subfield>
		</marc:datafield>
		<marc:datafield tag="650" ind1="0" ind2="0">
			<marc:subfield code="a">Symphonies</marc:subfield>
			<marc:subfield code="0">25215</marc:subfield>
		</marc:datafield>
		<marc:datafield tag="690" ind1=" " ind2=" ">
			<marc:subfield code="a">GWV</marc:subfield>
			<marc:subfield code="n">520</marc:subfield>
			<marc:subfield code="0">30000114</marc:subfield>
		</marc:datafield>
		<marc:datafield tag="690" ind1=" " ind2=" ">
			<marc:subfield code="a">NagG</marc:subfield>
			<marc:subfield code="n">87</marc:subfield>
			<marc:subfield code="0">79</marc:subfield>
		</marc:datafield>
		<marc:datafield tag="691" ind1=" " ind2=" ">
			<marc:subfield code="a">BarnettD 2000</marc:subfield>
			<marc:subfield code="n">p.73-74, no.4.25</marc:subfield>
			<marc:subfield code="0">30027498</marc:subfield>
		</marc:datafield>
		<marc:datafield tag="852" ind1=" " ind2=" ">
			<marc:subfield code="a">D-DS</marc:subfield>
			<marc:subfield code="c">Mus.ms 470/5</marc:subfield>
			<marc:subfield code="d">Mus 3074/ 5</marc:subfield>
			<marc:subfield code="e">Universitäts- und Landesbibliothek, Musikabteilung</marc:subfield>
			<marc:subfield code="x">30000036</marc:subfield>
		</marc:datafield>
		<marc:datafield tag="856" ind1="4" ind2="0">
			<marc:subfield code="u">http://tudigit.ulb.tu-darmstadt.de/show/Mus-Ms-470-05</marc:subfield>
			<marc:subfield code="z">[digitized version]</marc:subfield>
		</marc:datafield>
	</marc:record>

          </zs:recordData>
          <zs:recordPosition>5</zs:recordPosition>
        </zs:record>