
        <zs:record>
          <zs:recordPacking>xml</zs:recordPacking>
          <zs:recordData>
              	<marc:record>
		<marc:leader>00000ndm a2200000 u 4500</marc:leader>
		<marc:controlfield tag="001">450002054</marc:controlfield>
		<marc:controlfield tag="003">DE-633</marc:controlfield>
		<marc:controlfield tag="005">20180516074816.0</marc:controlfield>
		<marc:datafield tag="031" ind1=" " ind2=" ">
			<marc:subfield code="a">1</marc:subfield>
			<marc:subfield code="b">1</marc:subfield>
			<marc:subfield code="c">1</marc:subfield>
			<marc:subfield code="d">Allegro</marc:subfield>
			<marc:subfield code="g">G-2</marc:subfield>
			<marc:subfield code="m">vl 1</marc:subfield>
			<marc:subfield code="n">bB</marc:subfield>
			<marc:subfield code="o">c</marc:subfield>
			<marc:subfield code="p">&#39;8F/{&#39;&#39;CC8.C3DE}{6F&#39;EFG}{8AF}/i/</marc:subfield>
			<marc:subfield code="r">F</marc:subfield>
			<marc:subfield code="u">30627556</marc:subfield>
			<marc:subfield code="2">pe</marc:subfield>
		</marc:datafield>
		<marc:datafield tag="031" ind1=" " ind2=" ">
			<marc:subfield code="a">1</marc:subfield>
			<marc:subfield code="b">1</marc:subfield>
			<marc:subfield code="c">2</marc:subfield>
			<marc:subfield code="g">F-4</marc:subfield>
			<marc:subfield code="m">vlne</marc:subfield>
			<marc:subfield code="n">bB</marc:subfield>
			<marc:subfield code="o">c</marc:subfield>
			<marc:subfield code="p">,8F/{&#39;C,BAG}{AC,,F,F}/i/</marc:subfield>
			<marc:subfield code="r">F</marc:subfield>
			<marc:subfield code="u">30627557</marc:subfield>
			<marc:subfield code="2">pe</marc:subfield>
		</marc:datafield>
		<marc:datafield tag="031" ind1=" " ind2=" ">
			<marc:subfield code="a">1</marc:subfield>
			<marc:subfield code="b">2</marc:subfield>
			<marc:subfield code="c">1</marc:subfield>
			<marc:subfield code="d">Andante</marc:subfield>
			<marc:subfield code="g">G-2</marc:subfield>
			<marc:subfield code="m">vl 1</marc:subfield>
			<marc:subfield code="n">bB</marc:subfield>
			<marc:subfield code="o">2/4</marc:subfield>
			<marc:subfield code="p">&#39;4A&#39;&#39;D/q8G{(FED)}qG{(FED)}/&#39;4A&#39;&#39;E/q8A{(GFE)}qA{(GFE)}/</marc:subfield>
			<marc:subfield code="r">d</marc:subfield>
			<marc:subfield code="u">30627558</marc:subfield>
			<marc:subfield code="2">pe</marc:subfield>
		</marc:datafield>
		<marc:datafield tag="031" ind1=" " ind2=" ">
			<marc:subfield code="a">1</marc:subfield>
			<marc:subfield code="b">3</marc:subfield>
			<marc:subfield code="c">1</marc:subfield>
			<marc:subfield code="d">Menuet.</marc:subfield>
			<marc:subfield code="g">G-2</marc:subfield>
			<marc:subfield code="m">vl 1</marc:subfield>
			<marc:subfield code="n">bB</marc:subfield>
			<marc:subfield code="o">3</marc:subfield>
			<marc:subfield code="p">&#39;4F{68.&#39;&#39;C&#39;A}{&#39;&#39;FC}/q4C&#39;2B4A/F{&#39;&#39;68.FC}{AF}/&#39;4BA-/</marc:subfield>
			<marc:subfield code="r">F</marc:subfield>
			<marc:subfield code="u">30627559</marc:subfield>
			<marc:subfield code="2">pe</marc:subfield>
		</marc:datafield>
		<marc:datafield tag="031" ind1=" " ind2=" ">
			<marc:subfield code="a">1</marc:subfield>
			<marc:subfield code="b">3</marc:subfield>
			<marc:subfield code="c">2</marc:subfield>
			<marc:subfield code="g">F-4</marc:subfield>
			<marc:subfield code="m">vlne</marc:subfield>
			<marc:subfield code="n">bB</marc:subfield>
			<marc:subfield code="o">3</marc:subfield>
			<marc:subfield code="p">,4AFA/GCF/2A4F/&#39;C,F,,F/</marc:subfield>
			<marc:subfield code="r">F</marc:subfield>
			<marc:subfield code="u">30627560</marc:subfield>
			<marc:subfield code="2">pe</marc:subfield>
		</marc:datafield>
		<marc:datafield tag="031" ind1=" " ind2=" ">
			<marc:subfield code="a">1</marc:subfield>
			<marc:subfield code="b">4</marc:subfield>
			<marc:subfield code="c">1</marc:subfield>
			<marc:subfield code="d">Air. Vivace</marc:subfield>
			<marc:subfield code="g">G-2</marc:subfield>
			<marc:subfield code="m">vl 1</marc:subfield>
			<marc:subfield code="n">bB</marc:subfield>
			<marc:subfield code="o">c</marc:subfield>
			<marc:subfield code="p">&#39;4F{&#39;&#39;8.C6C}4CF/DC2-/&#39;4C{8.G6G}4G&#39;&#39;C/&#39;AG2-/</marc:subfield>
			<marc:subfield code="r">F</marc:subfield>
			<marc:subfield code="u">30627561</marc:subfield>
			<marc:subfield code="2">pe</marc:subfield>
		</marc:datafield>
		<marc:datafield tag="031" ind1=" " ind2=" ">
			<marc:subfield code="a">1</marc:subfield>
			<marc:subfield code="b">4</marc:subfield>
			<marc:subfield code="c">2</marc:subfield>
			<marc:subfield code="g">F-4</marc:subfield>
			<marc:subfield code="m">vlne</marc:subfield>
			<marc:subfield code="n">bB</marc:subfield>
			<marc:subfield code="o">c</marc:subfield>
			<marc:subfield code="p">,,4A{,8.A6A}4AF/BF2-/4E{8.E6E}4EC/FC2-/</marc:subfield>
			<marc:subfield code="r">F</marc:subfield>
			<marc:subfield code="u">30627562</marc:subfield>
			<marc:subfield code="2">pe</marc:subfield>
		</marc:datafield>
		<marc:datafield tag="031" ind1=" " ind2=" ">
			<marc:subfield code="a">1</marc:subfield>
			<marc:subfield code="b">5</marc:subfield>
			<marc:subfield code="c">1</marc:subfield>
			<marc:subfield code="d">Air en Menuet.</marc:subfield>
			<marc:subfield code="g">G-2</marc:subfield>
			<marc:subfield code="m">vl 1</marc:subfield>
			<marc:subfield code="n">bB</marc:subfield>
			<marc:subfield code="o">3</marc:subfield>
			<marc:subfield code="p">{&#39;&#39;8.C6C}/4DCF/qF2E{8.C6C}/4DCbE/qE2D{&#39;8.G6G}/</marc:subfield>
			<marc:subfield code="r">F</marc:subfield>
			<marc:subfield code="u">30627563</marc:subfield>
			<marc:subfield code="2">pe</marc:subfield>
		</marc:datafield>
		<marc:datafield tag="031" ind1=" " ind2=" ">
			<marc:subfield code="a">1</marc:subfield>
			<marc:subfield code="b">5</marc:subfield>
			<marc:subfield code="c">2</marc:subfield>
			<marc:subfield code="g">F-4</marc:subfield>
			<marc:subfield code="m">vlne</marc:subfield>
			<marc:subfield code="n">bB</marc:subfield>
			<marc:subfield code="o">3</marc:subfield>
			<marc:subfield code="p">{,8.F6F}/2F,,4F/,C,,C{,8.F6F}/2F4,,F/,B,,B{,8.C6C}/</marc:subfield>
			<marc:subfield code="r">F</marc:subfield>
			<marc:subfield code="u">30627564</marc:subfield>
			<marc:subfield code="2">pe</marc:subfield>
		</marc:datafield>
		<marc:datafield tag="031" ind1=" " ind2=" ">
			<marc:subfield code="a">1</marc:subfield>
			<marc:subfield code="b">6</marc:subfield>
			<marc:subfield code="c">1</marc:subfield>
			<marc:subfield code="d">Air.</marc:subfield>
			<marc:subfield code="g">G-2</marc:subfield>
			<marc:subfield code="m">vl 1</marc:subfield>
			<marc:subfield code="n">bB</marc:subfield>
			<marc:subfield code="o">2/4</marc:subfield>
			<marc:subfield code="p">&#39;&#39;8F/{F&#39;FFF}/{F6AG}{8F&#39;&#39;F}/{F&#39;FFF}/q4G4.Ft{&#39;&#39;6AA}/</marc:subfield>
			<marc:subfield code="r">F</marc:subfield>
			<marc:subfield code="u">30627565</marc:subfield>
			<marc:subfield code="2">pe</marc:subfield>
		</marc:datafield>
		<marc:datafield tag="040" ind1=" " ind2=" ">
			<marc:subfield code="a">DE-633</marc:subfield>
		</marc:datafield>
		<marc:datafield tag="100" ind1="1" ind2=" ">
			<marc:subfield code="a">Graupner, Christoph</marc:subfield>
			<marc:subfield code="d">1683-1760</marc:subfield>
			<marc:subfield code="0">83288</marc:subfield>
		</marc:datafield>
		<marc:datafield tag="240" ind1="1" ind2="0">
			<marc:subfield code="a">Symphonies</marc:subfield>
			<marc:subfield code="m">strings, clno (2), timp, cemb</marc:subfield>
			<marc:subfield code="n">GWV 565</marc:subfield>
			<marc:subfield code="n">NagG 85</marc:subfield>
			<marc:subfield code="r">F</marc:subfield>
			<marc:subfield code="0">3900027</marc:subfield>
		</marc:datafield>
		<marc:datafield tag="245" ind1="1" ind2="0">
			<marc:subfield code="a">Sinfonia | a | 2 Clarin | Tymp: F. G. c. | 2 Violin | Viola | e | Cembalo | [Incipit] | Christoph Graupner.</marc:subfield>
		</marc:datafield>
		<marc:datafield tag="260" ind1=" " ind2=" ">
			<marc:subfield code="c">1746 (1746c)</marc:subfield>
			<marc:subfield code="8">01</marc:subfield>
		</marc:datafield>
		<marc:datafield tag="260" ind1=" " ind2=" ">
			<marc:subfield code="c">1746 (1746c)</marc:subfield>
			<marc:subfield code="8">02</marc:subfield>
		</marc:datafield>
		<marc:datafield tag="300" ind1=" " ind2=" ">
			<marc:subfield code="a">score: 6f.</marc:subfield>
			<marc:subfield code="8">01</marc:subfield>
		</marc:datafield>
		<marc:datafield tag="300" ind1=" " ind2=" ">
			<marc:subfield code="a">9 parts</marc:subfield>
			<marc:subfield code="c">36 x 23 cm</marc:subfield>
			<marc:subfield code="8">02</marc:subfield>
		</marc:datafield>
		<marc:datafield tag="500" ind1=" " ind2=" ">
			<marc:subfield code="a">timp in ,,F,,G,C</marc:subfield>
		</marc:datafield>
		<marc:datafield tag="500" ind1=" " ind2=" ">
			<marc:subfield code="a">Comment on scoring: bc: vlc, vlne, cemb</marc:subfield>
		</marc:datafield>
		<marc:datafield tag="590" ind1=" " ind2=" ">
			<marc:subfield code="a">vl 1 (2x), vl 2, vla, vlc, vlne, clno 1, 2, timp</marc:subfield>
			<marc:subfield code="b">2, 2, 2, 2, 2, 2, 1, 1, 1f.</marc:subfield>
			<marc:subfield code="8">02</marc:subfield>
		</marc:datafield>
		<marc:datafield tag="592" ind1=" " ind2=" ">
			<marc:subfield code="a">[D DS 2]</marc:subfield>
			<marc:subfield code="8">01</marc:subfield>
		</marc:datafield>
		<marc:datafield tag="593" ind1=" " ind2=" ">
			<marc:subfield code="a">Autograph manuscript</marc:subfield>
			<marc:subfield code="8">01</marc:subfield>
		</marc:datafield>
		<marc:datafield tag="593" ind1=" " ind2=" ">
			<marc:subfield code="a">Autograph manuscript</marc:subfield>
			<marc:subfield code="8">02</marc:subfield>
		</marc:datafield>
		<marc:datafield tag="594" ind1=" " ind2=" ">
			<marc:subfield code="b">vl</marc:subfield>
			<marc:subfield code="c">2</marc:subfield>
		</marc:datafield>
		<marc:datafield tag="594" ind1=" " ind2=" ">
			<marc:subfield code="b">vla</marc:subfield>
			<marc:subfield code="c">1</marc:subfield>
		</marc:datafield>
		<marc:datafield tag="594" ind1=" " ind2=" ">
			<marc:subfield code="b">vlc</marc:subfield>
			<marc:subfield code="c">1</marc:subfield>
		</marc:datafield>
		<marc:datafield tag="594" ind1=" " ind2=" ">
			<marc:subfield code="b">vlne</marc:subfield>
			<marc:subfield code="c">1</marc:subfield>
		</marc:datafield>
		<marc:datafield tag="594" ind1=" " ind2=" ">
			<marc:subfield code="b">clno</marc:subfield>
			<marc:subfield code="c">2</marc:subfield>
		</marc:datafield>
		<marc:datafield tag="594" ind1=" " ind2=" ">
			<marc:subfield code="b">timp</marc:subfield>
			<marc:subfield code="c">1</marc:subfield>
		</marc:datafield>
		<marc:datafield tag="594" ind1=" " ind2=" ">
			<marc:subfield code="b">cemb</marc:subfield>
			<marc:subfield code="c">1</marc:subfield>
		</marc:datafield>
		<marc:datafield tag="594" ind1=" " ind2=" ">
			<marc:subfield code="a">vl (2), vla, vlc, vlne, clno (2), timp, cemb</marc:subfield>
		</marc:datafield>
		<marc:datafield tag="599" ind1=" " ind2=" ">
			<marc:subfield code="b">full</marc:subfield>
		</marc:datafield>
		<marc:datafield tag="650" ind1="0" ind2="0">
			<marc:subfield code="a">Symphonies</marc:subfield>
			<marc:subfield code="0">25215</marc:subfield>
		</marc:datafield>
		<marc:datafield tag="690" ind1=" " ind2=" ">
			<marc:subfield code="a">GWV</marc:subfield>
			<marc:subfield code="n">565</marc:subfield>
			<marc:subfield code="0">30000114</marc:subfield>
		</marc:datafield>
		<marc:datafield tag="690" ind1=" " ind2=" ">
			<marc:subfield code="a">NagG</marc:subfield>
			<marc:subfield code="n">85</marc:subfield>
			<marc:subfield code="0">79</marc:subfield>
		</marc:datafield>
		<marc:datafield tag="691" ind1=" " ind2=" ">
			<marc:subfield code="a">BarnettD 2000</marc:subfield>
			<marc:subfield code="n">p.73-75, no.4.26</marc:subfield>
			<marc:subfield code="0">30027498</marc:subfield>
		</marc:datafield>
		<marc:datafield tag="852" ind1=" " ind2=" ">
			<marc:subfield code="a">D-DS</marc:subfield>
			<marc:subfield code="c">Mus.ms 470/9</marc:subfield>
			<marc:subfield code="d">Mus 3074/ 9</marc:subfield>
			<marc:subfield code="e">Universitäts- und Landesbibliothek, Musikabteilung</marc:subfield>
			<marc:subfield code="x">30000036</marc:subfield>
		</marc:datafield>
		<marc:datafield tag="856" ind1="4" ind2="0">
			<marc:subfield code="u">http://tudigit.ulb.tu-darmstadt.de/show/Mus-Ms-470-09</marc:subfield>
			<marc:subfield code="z">[digitized version]</marc:subfield>
		</marc:datafield>
	</marc:record>

          </zs:recordData>
          <zs:recordPosition>10</zs:recordPosition>
        </zs:record>
    </zs:records>
    <zs:echoedSearchRetrieveRequest>
      <zs:version>1.1</zs:version>
      <zs:query>author=Graupner AND bath.possessingInstitution=D-DS</zs:query>
      <zs:maximumRecords>10</zs:maximumRecords>
      <zs:recordPacking>xml</zs:recordPacking>
    </zs:echoedSearchRetrieveRequest>
  </zs:searchRetrieveResponse>



